@article{ref1,
	author    = {作者},
	title     = {文章标题},
	journal   = {期刊名称},
	volume    = {卷号},
	number    = {期号},
	pages     = {起始页-结束页},
	year      = {发表年份},
	doi       = {DOI编号}
}